@article{kingma,
  title     = {Auto-Encoding Variational Bayes},
  author    = {Kingma, Diederik P. and Welling, Max},
  journal   = {CoRR},
  year      = {2013},
  volume    = {abs/1312.6114},
  url       = {https://api.semanticscholar.org/CorpusID:216078090}
}

@article{bengio2013representation,
  title={Representation Learning: A Review and New Perspectives},
  author={Bengio, Yoshua and Courville, Aaron and Vincent, Pascal},
  journal={IEEE Transactions on Pattern Analysis and Machine Intelligence},
  volume={35},
  number={8},
  pages={1798--1828},
  year={2013},
  publisher={IEEE}
}


@book{jolliffe2016principal,
  title={Principal Component Analysis},
  author={Jolliffe, Ian and Cadima, Jorge},
  year={2016},
  publisher={Springer}
}


@inproceedings{mikolov2013efficient,
  title={Efficient Estimation of Word Representations in Vector Space},
  author={Mikolov, Tomas and Chen, Kai and Corrado, Greg and Dean, Jeffrey},
  booktitle={International Conference on Learning Representations (ICLR)},
  year={2013}
}



@article{vanDerMaaten2008,
  title={Visualizing Data using t-SNE},
  author={Van der Maaten, Laurens and Hinton, Geoffrey},
  journal={Journal of Machine Learning Research},
  volume={9},
  pages={2579--2605},
  year={2008}
}

@article{higgins2017beta,
  title={beta-VAE: Learning Basic Visual Concepts with a Constrained Variational Framework},
  author={Higgins, Irina and Matthey, Loic and Pal, Arka and Burgess, Christopher and Glorot, Xavier and Botvinick, Matthew and Mohamed, Shakir and Lerchner, Alexander},
  journal={International Conference on Learning Representations (ICLR)},
  year={2017}
}


@article{wang2020deep,
  author    = {Wang, X. and others},
  title     = {Deep Learning at the Edge: Challenges and Future Directions},
  journal   = {IEEE Communications Surveys \& Tutorials},
  year      = {2020}
}

@article{chen2019deep,
  author    = {Chen, Y. and others},
  title     = {Deep Learning with Edge Computing: A Review},
  journal   = {Proceedings of the IEEE},
  year      = {2019}
}

@article{qu2022enabling,
  author    = {Qu, C. and others},
  title     = {Enabling Edge Intelligence: A Survey on AI at the Edge},
  journal   = {ACM Computing Surveys},
  year      = {2022}
}

@article{kim2024efficient,
  title     = {Energy-Efficient Edge AI Processors: Design and Implementation},
  author    = {Kim, H. and Park, J.},
  journal   = {IEEE Journal of Solid-State Circuits},
  year      = {2024},
  volume    = {59},
  number    = {3},
  pages     = {789--802},
  url       = {https://api.semanticscholar.org/CorpusID:357924680},
  doi       = {10.1109/JSSC.2024.00002}
}


@article{yang2024adaptive,
  title     = {Adaptive Federated Learning for Heterogeneous Edge Networks},
  author    = {Yang, Q. and others},
  journal   = {IEEE Transactions on Parallel and Distributed Systems},
  year      = {2024},
  volume    = {35},
  number    = {2},
  pages     = {345--358},
  url       = {https://api.semanticscholar.org/CorpusID:468013579},
  doi       = {10.1109/TPDS.2024.00003}
}

@article{zewe2022learning,
  author    = {Zewe, A. and others},
  title     = {Learning at the Edge: Privacy and Security Considerations in AI},
  journal   = {MIT Technology Review},
  year      = {2022}
}

@article{baller2021deep,
  author    = {Baller, M. and others},
  title     = {Deep Learning in Autonomous Systems: Challenges and Innovations},
  journal   = {Autonomous Systems Journal},
  year      = {2021}
}

@article{zadeh,
  title     = {L. A. Zadeh. Fuzzy sets. Information and control, vol. 8 (1965), pp. 338--353. - L. A. Zadeh. Similarity relations and fuzzy orderings. Information sciences, vol. 3 (1971), pp. 177--200.},
  volume    = {38},
  doi       = {10.2307/2272014},
  number    = {4},
  journal   = {Journal of Symbolic Logic},
  author    = {Goguen, J. A.},
  year      = {1973},
  pages     = {656--657},
  url       = {https://api.semanticscholar.org/CorpusID:567890123}
}

@article{nash,
  author    = {Nash, John F.},
  title     = {Equilibrium points in n-person games},
  journal   = {Proceedings of the National Academy of Sciences},
  volume    = {36},
  number    = {1},
  pages     = {48-49},
  year      = {1950},
  doi       = {10.1073/pnas.36.1.48},
  url       = {https://api.semanticscholar.org/CorpusID:123456789}
}

@article{masrat2024,
  author    = {Masrat, Asra and Borse, Yogita and Kumari, Deepa and Gawde, Hardika},
  title     = {Handwritten Devanagari Character Recognition Using Convolutional Neural Network},
  journal   = {International Journal of Engineering Research and Technology (IJERT)},
  volume    = {13},
  number    = {4},
  pages     = {83--90},
  year      = {2024},
  issn      = {2278-0181}
}

@article{zhang,
  title     = {An interpretable image classification model Combining a fuzzy neural network with a variational autoencoder inspired by the human brain},
  journal   = {Information Sciences},
  volume    = {661},
  pages     = {119885},
  year      = {2024},
  issn      = {0020-0255},
  doi       = {https://doi.org/10.1016/j.ins.2023.119885},
  url       = {https://www.sciencedirect.com/science/article/pii/S0020025523014706},
  author    = {Zhang, Ke and Hao, Wenning and Yu, Xiaohan and Shao, Tianhao},
  keywords  = {Fuzzy neural network, Image classification, Interpretability, Variational autoencoder}
}

@misc{devanagari2015,
  author       = {Acharya, Shailesh and Gyawali, Prashnna},
  title        = {Devanagari Handwritten Character Dataset},
  year         = {2015},
  howpublished = {UCI Machine Learning Repository},
  note         = {DOI: https://doi.org/10.24432/C5XS53}
}